<record><leader>00000cas a22000007a 4500</leader><controlfield tag="001">14178923</controlfield><controlfield tag="008">860904c19299999txuwr ne      0   a0eng d</controlfield><datafield ind1=" " ind2=" " tag="010"><subfield code="a">sn 86088712 </subfield></datafield><datafield ind1=" " ind2=" " tag="040"><subfield code="a">PPM</subfield><subfield code="b">eng</subfield><subfield code="c">PPM</subfield><subfield code="d">NSD</subfield><subfield code="d">PPM</subfield><subfield code="d">OCLCQ</subfield></datafield><datafield ind1=" " ind2=" " tag="012"><subfield code="m">1</subfield></datafield><datafield ind1="1" ind2=" " tag="022"><subfield code="a">1062-1202</subfield><subfield code="l">1062-1202</subfield><subfield code="2">1</subfield></datafield><datafield ind1=" " ind2=" " tag="032"><subfield code="a">781120</subfield><subfield code="b">USPS</subfield></datafield><datafield ind1=" " ind2=" " tag="037"><subfield code="b">The Cuero Record, 119 E. Main, Cuero, TX 77954</subfield></datafield><datafield ind1=" " ind2=" " tag="042"><subfield code="a">msc</subfield><subfield code="a">nsdp</subfield></datafield><datafield ind1=" " ind2="4" tag="222"><subfield code="a">The Cuero record</subfield></datafield><datafield ind1="0" ind2="4" tag="245"><subfield code="a">The Cuero record.</subfield></datafield><datafield ind1=" " ind2=" " tag="260"><subfield code="a">Cuero, Tex. :</subfield><subfield code="b">Cuero Pub. Co.</subfield></datafield><datafield ind1=" " ind2=" " tag="300"><subfield code="a">v. :</subfield><subfield code="b">ill. ;</subfield><subfield code="c">57 cm.</subfield></datafield><datafield ind1=" " ind2=" " tag="310"><subfield code="a">Weekly,</subfield><subfield code="b">&lt;Jan. 8, 1992-&gt;</subfield></datafield><datafield ind1=" " ind2=" " tag="321"><subfield code="a">Daily (except Sat.),</subfield><subfield code="b">1929-</subfield></datafield><datafield ind1="0" ind2=" " tag="362"><subfield code="a">Vol. 70, no. 80 (Apr. 4, 1929)-</subfield></datafield><datafield ind1=" " ind2=" " tag="500"><subfield code="a">Continues numbering of Cuero daily record.</subfield></datafield><datafield ind1=" " ind2=" " tag="530"><subfield code="a">Also on microfilm: Austin, Texas: The University of Texas, Center for American History.</subfield></datafield><datafield ind1=" " ind2=" " tag="588"><subfield code="a">Description based on: Vol. 36, no. 69 (Mar. 21, 1930).</subfield></datafield><datafield ind1=" " ind2=" " tag="588"><subfield code="a">Latest issue consulted: Vol. 96, no. 1 (Jan. 8, 1992).</subfield></datafield><datafield ind1=" " ind2=" " tag="752"><subfield code="a">United States</subfield><subfield code="b">Texas</subfield><subfield code="c">DeWitt</subfield><subfield code="d">Cuero.</subfield></datafield><datafield ind1="1" ind2="4" tag="780"><subfield code="t">Cuero daily record</subfield><subfield code="w">(DLC)sn 86088711</subfield></datafield><datafield ind1="1" ind2="4" tag="780"><subfield code="t">Cuero weekly record</subfield><subfield code="w">(DLC)sn 86088880</subfield></datafield></record>